
// entry arguments
	the-name-of-the-entry,
	author       = {needed},
	title        = {needed},
	howpublished = {optional},
	year         = {needed},
	month        = {optional},
	day          = {ignored},
	editor       = {ignored},
	location     = {ignored},
	publisher    = {ignored},
	issn         = {ignored},
	note         = {optional}


@misc
{
	silva-95,
	author       = {Joao Marques da Silva},
	title        = {Search Algorithms for Satisfiability problems in combinatorial switching circuits. A dissertation submitted in partial fulfillment of the requirements for the degree of Doctor of Philosophy (Electrical Engineering)},
	howpublished = {The University of Michigan},
	year         = {1995}
}

@misc
{
	biere-09,
	author       = {Armin Biere},
	title        = {Handbook of Satisfiability},
	year         = {2009}
}

@misc
{
	kroening-08,
	author       = {Daniel Kroening
	                and Ofer Strichman},
	title        = {Decision Procedures: An Algorithmic Point of View},
	year         = {2008}
}

@misc
{
	marek-09,
	author       = {Victor W. Marek},
	title        = {Introduction to Mathematics of Satisfiability},
	year         = {2009}
}

@misc
{
	cook-09,
	author       = {Stephen Cook},
	title        = {The importance of the P versus NP Question},
	howpublished = {JACM 50, 1 (50th Anniversary Issue), pp 27-29},
	year         = {2003}
}

@misc
{
	woeginger-16,
	author       = {GJ Woeginger},
	title        = {The P-versus-NP page},
	howpublished = {\url{http://www.win.tue.nl/~gwoegi/P-versus-NP.htm}},
	year         = {2016}
}

@misc
{
	muller-13,
	author       = {Matthias Muller},
	title        = {Polynomial SAT-Solver},
	howpublished = {\url{http://vixra.org/pdf/1212.0109v2.pdf}},
	year         = {2013},
	note         = {Ben-Jose author thinks this informal proof is valid}
}

@misc
{
	quiroga-01,
	author       = {J. L. Quiroga},
	title        = {Optimal circuit verification method},
	howpublished = {\url{http://www.google.com/patents/US20040250223}},
	year         = {2001},
	note         = {Quiroga is ashamed of this title}
}

@misc
{
	haken-85,
	author       = {A Haken},
	title        = {The intractability of resolution},
	howpublished = {Theoretical computer science, 39, pp. 297-308},
	year         = {1985}
}

@misc
{
	buss-88,
	author       = {Samuel R. Buss
					and Gyorgy Turan},
	title        = {Resolution Proofs of Generalized Pigeonhole Principles},
	year         = {1988}
}

@misc
{
	cook-76,
	author       = {Stephen A. Cook},
	title        = {A short proof of the pigeon hole principle using extended resolution},
	howpublished = {SIGACT News 8(4):28-32},
	year         = {1976}
}

@misc
{
	cook-79,
	author       = {Stephen A. Cook
					and R. A. Reckhow},
	title        = {The relative efficiency of propositional proof systems},
	howpublished = {Journal of Symbolic logic. 44, pp. 25-38},
	year         = {1979}
}

@misc
{
	jarvisalo-07,
	author       = {Matti Jarvisalo},
	title        = {Impact of Restricted Branching on Clause Learning SAT solving},
	howpublished = {Research Reports 107. pp.28. Helsinki University of Technology Laboratory for Theoretical Computer Science},
	year         = {2007}
}

@misc
{
	moskewicz-01,
	author       = {Matthew W. Moskewicz
					and Conor F. Madigan
					and Ying Zhao
					and Lintao Zhang
					and Sharad Malik},
	title        = {Chaff: Engineering an Efficient SAT Solver},
	howpublished = {DAC 01. Proceedings of the 38th annual Design Automation Conference},
	year         = {2001}
}

@misc
{
	een-04,
	author       = {Niklas Een
					and Niklas Sorensson},
	title        = {An Extensible SAT-solver},
	howpublished = {Chalmers University of Technology, Sweden},
	year         = {2004}
}

@misc
{
	bastert-02,
	author       = {Oliver Bastert},
	title        = {Stabilization Procedures and Applications},
	howpublished = {Zentrum Mathematik. Technische Universitat Muchen},
	year         = {2002}
}

@misc
{
	dixon-04,
	author       = {Heidi E. Dixon 
					and Matthew L. Ginsberg
					and David Hofer
					and Eugene M. Luks
					and Andrew J. Parkes},
	title        = {Generalizing Boolean Satisfiability I, II and III: Background and Survey of Existing Work, Theory and Implementation},
	howpublished = {Journal of Artificial Intelligence Research 21, 22 and 23},
	year         = {2004}
}

@misc
{
	audemard-10,
	author       = {Gilles Audemard
					and George Katsirelos
					and Laurent Simon},
	title        = {A Restriction of Extended Resolution for Clause Learning SAT Solvers},
	howpublished = {\url{http://www.aaai.org}},
	year         = {2010}
}

@misc
{
	tseitin-83,
	author       = {G. Tseitin},
	title        = {On the complexity of proofs in propositional logics},
	howpublished = {Automation of Reasoning: Classical Papers in Computational Logic 1967-1970. volume 2. Springer- Verlag},
	year         = {1983}
}

@misc
{
	stallman-97,
	author       = {Richard Stallman and Roland McGrath and Paul Smith and {the GNU Project}},
	title        = {{GNU Make}},
	howpublished = {Free Software Foundation, Inc., [online]},
	year         = {1997--2006},
	note         = {\url{http://www.gnu.org/software/make/}}
}

@proceedings
{
	sutcliffe-08,
	editor       = {Geoff Sutcliffe and Simon Colton and Stephan Schulz},
	title        = {Empirically Successful Automated Reasoning for Mathematics ({ESARM})},
	location     = {Birmingham, United Kingdom},
	publisher    = {CEUR-WS.org},
	issn         = {1613-0073},
	year         = 2008,
	month        = jul,
	day          = 27,
	note         = {\url{http://CEUR-WS.org/Vol-378}, last viewed April 2010}
}

